<?xml version="1.0" encoding="UTF-8"?><record xmlns="http://www.loc.gov/MARC21/slim" xmlns:cinclude="http://apache.org/cocoon/include/1.0" xmlns:zs="http://www.loc.gov/zing/srw/">
  <leader>01261cz  a2200241n  4500</leader>
  <controlfield tag="001">n  82106995 </controlfield>
  <controlfield tag="003">DLC</controlfield>
  <controlfield tag="005">20150114141735.0</controlfield>
  <controlfield tag="008">821013n| adannaabn          |b aaa      </controlfield>
  <datafield tag="010" ind1=" " ind2=" ">
    <subfield code="a">n  82106995 </subfield>
  </datafield>
  <datafield tag="035" ind1=" " ind2=" ">
    <subfield code="a">(OCoLC)oca00803471</subfield>
  </datafield>
  <datafield tag="040" ind1=" " ind2=" ">
    <subfield code="a">DLC</subfield>
    <subfield code="b">eng</subfield>
    <subfield code="c">DLC</subfield>
    <subfield code="d">DLC</subfield>
    <subfield code="d">NNC</subfield>
    <subfield code="d">OCoLC</subfield>
    <subfield code="d">DLC</subfield>
  </datafield>
  <datafield tag="100" ind1="1" ind2=" ">
    <subfield code="a">I︠U︡supov, Rafaėlʹ Midkhatovich</subfield>
  </datafield>
  <datafield tag="400" ind1="1" ind2=" ">
    <subfield code="a">I︠U︡supov, R. M.</subfield>
    <subfield code="q">(Rafaėlʹ Midkhatovich)</subfield>
  </datafield>
  <datafield tag="400" ind1="1" ind2=" ">
    <subfield code="a">Yusupov, R. M.</subfield>
    <subfield code="q">(Raphael M.)</subfield>
  </datafield>
  <datafield tag="400" ind1="1" ind2=" ">
    <subfield code="a">Yusupov, Raphael M.</subfield>
  </datafield>
  <datafield tag="400" ind1="1" ind2=" ">
    <subfield code="a">Юсупов, Рафаэль Мидхатович</subfield>
  </datafield>
  <datafield tag="667" ind1=" " ind2=" ">
    <subfield code="a">Machine-derived non-Latin script reference project.</subfield>
  </datafield>
  <datafield tag="667" ind1=" " ind2=" ">
    <subfield code="a">Non-Latin script reference not evaluated.</subfield>
  </datafield>
  <datafield tag="670" ind1=" " ind2=" ">
    <subfield code="a">His Poluchenie informat︠s︡ii ob upravli︠a︡emom prot︠s︡esse v samonastraivai︠u︡shchikhsi︠a︡ sistemakh, 1966.</subfield>
  </datafield>
  <datafield tag="670" ind1=" " ind2=" ">
    <subfield code="a">Metody i sredstva informat︠s︡ionnoĭ tekhnologii v nauke i proizvodstve, 1992:</subfield>
    <subfield code="b">verso t.p. (d-r tekhn. nauk R.M. I︠U︡supov)</subfield>
  </datafield>
  <datafield tag="670" ind1=" " ind2=" ">
    <subfield code="a">Sot︠s︡iometrii︠a︡ konflikta, 1994:</subfield>
    <subfield code="b">t.p. (I︠U︡supov, R.M.) t.p. verso (Raphael M. Yusupov)</subfield>
  </datafield>
  <datafield tag="670" ind1=" " ind2=" ">
    <subfield code="a">Nauka i nat︠s︡ionalʹnai︠a︡ bezopasnostʹ, 2006:</subfield>
    <subfield code="b">t.p. (R.M. I︠U︡supov) English summary, t.p. verso (Yusupov R.M.) colophon (Rafaėlʹ Midkhatovich I︠U︡supov)</subfield>
  </datafield>
</record>